@online{guide_web,
    title     = "A Guide to Becoming a Full-Stack Developer in 2017",
    url       = "https://medium.com/coderbyte/a-guide-to-becoming-a-full-stack-developer-in-2017-5c3c08a1600c",
    keywords  = "guide,full-stack",
    urldate   = "2017-07-13",
    language  = "russian"
}

@online{github_css,
    title     = "CSS preprocessors",
    url       = "https://github.com/showcases/css-preprocessors",
    keywords  = "github,css",
    urldate   = "2017-07-13",
    language  = "russian"
}

@online{sass,
    title     = "Sass: Syntactically Awesome Style Sheets",
    url       = "http://sass-lang.com/",
    keywords  = "sass",
    urldate   = "2017-07-13",
    language  = "russian"
}

@thesis{nozhov,
    author    = "Ножов, Игорь Михайлович",
    title     = "Реализация автоматической синтаксической сегментации русского предложения",
    media = {text},
    type = {phdthesis},
    science = {тех. наук},
    date      = "2003",
    location = {М.},
    pagetotal = 147,
    number = {05.25.05},
    institution    = "Российский государственный гуманитарный университет",
    language  = "russian"
}

@online{phpmorphy,
    title     = "phpMorphy",
    url       = "http://phpmorphy.sourceforge.net/dokuwiki/",
    keywords  = "php",
    urldate   = "2017-07-13",
    language  = "russian"
}

@inproceedings{mystem_paper,
    author    = "Segalovich, Ilya", 
    title     = "A Fast Morphological Algorithm with Unknown Word Guessing Induced by a Dictionary for a Web Search Engine",
    series   = "MLMTA",
    year      = 2003,
    pages     = "273--280",
    language  = "russian"
}

@online{mystem,
    title     = "MyStem — Технологии Яндекса",
    url       = "https://tech.yandex.ru/mystem/",
    keywords  = "morph",
    urldate   = "2017-07-13",
    language  = "russian"
}

@online{morph,
    title     = "Указатель морфов",
    url       = "http://rusgram.narod.ru/morf1t.html",
    keywords  = "morph",
    urldate   = "2017-07-13",
    language  = "russian"
}

@online{slovorod,
    author    = "Гаршин, И. К.",
    title     = "Словород: образование и история слов русского языка. Собирание и оживление славянских корней.",
    url       = "http://www.slovorod.ru",
    keywords  = "slovorod",
    urldate   = "2017-07-13",
    language  = "russian"
}

@online{dicts,
    title     = "Cловари русского языка для скачивания",
    url       = "http://www.speakrus.ru/dict/index.htm",
    keywords  = "dicts",
    urldate   = "2017-07-13",
    language  = "russian"
}

@inproceedings{msit,
    author    = "Правосудов, Матвей Михайлович", 
    title     = "Программный алгоритм морфемного анализа слов русского языка",
    series = {Молодежь и современные информационные технологии},
    titleaddon = {Сборник трудов XIV Международной научно-практической конференции студентов, аспирантов и молодых ученых},
    volume   = {2},
    year      = 2016,
    pages     = "276--277",
    organization={Изд-во ТПУ},
    language  = "russian",
    langid = "russian"
}

@online{quora_1,
    title     = "Why should I learn to program in PHP, why is it so important?",
    url       = "https://www.quora.com/Why-should-I-learn-to-program-in-PHP-why-is-it-so-important",
    keywords  = "php",
    urldate   = "2017-07-13",
    language  = "russian"
}

@online{quora_2,
    title     = "Is PHP dead?",
    url       = "https://www.quora.com/Is-PHP-dead",
    keywords  = "php",
    urldate   = "2017-07-13",
    language  = "russian"
}

@online{laravel,
    title     = "Laravel - The PHP framework for web artisans",
    author    = "Otwell, Taylor",
    url       = "https://laravel.com/",
    keywords  = "php,laravel",
    urldate   = "2017-07-13",
    language  = "russian"
}

@online{css_comparison,
    title     = "Compare CSS PREprocessors",
    url       = "http://csspre.com/compare/",
    keywords  = "css",
    urldate   = "2017-07-13",
    language  = "russian"
}

@book{mobile_first,
  author    = {Wroblewski, Luke}, 
  title     = {Mobile First},
  publisher = {A book apart},
  year      = 2011,
  month     = 10,
  isbn      = {978-1-937557-02-7},
  language  = {russian}
}